@Article{Goldberg.97,
  author = 	 {U. Goldberg and D. Apsley},
  title = 	 {A Wall-Distance Free Low Re k-$\epsilon$ Turbulence Model},
  journal = 	 {Comp. Meth. Appl. Mech. Eng.},
  year = 	 {1997},
  volume = 	 {145},
  pages = 	 {227--238},
}

@Article{Goldberg.01,
  author = 	 {U. Goldberg},
  title = 	 {Hypersonic Flow Heat Transfer Prediction Using Single Equation Turbulence Models},
  journal = 	 {J. of Heat Transfer},
  year = 	 {2001},
  volume = 	 {123},
  pages = 	 {65--69},
}

@Article{Menter.97,
  author = 	 {F R. Menter},
  title = 	 {Eddy Viscosity Transport and Equations and Their Relation to the k-$\epsilon$ Model},
  journal = 	 {J. of Fluids Engineering},
  year = 	 {1997},
  volume = 	 {119},
  pages = 	 {876--884},
}
