
@Article{Subbareddy2009,
  author = 	 {P. Subbareddy and G. Candler},
  title = 	 {{A fully discrete, kinetic energy consistent finite-volume scheme for compressible flows}},
  journal = 	 {Journal of Computational Physics},
  year = 	 {2009},
  volume = 	 {228},
  number = 	 {5},
  pages = 	 {1347--1364},
  month = 	 {March},
}

@TechReport{LukeReport.03,
  author = 	 {E. A. Luke and R. Koomullil and B. K. Soni},
  title = 	 {{Integrated Multidisciplinary Simulation Environment for Analysis and Testing of RBCC Systems}},
  institution =  {Simulation and Design Center, Mississippi State University},
  year = 	 2003,
  address = 	 {2 Research Blvd, Starkville, MS 39759},
  month = 	 {June},
  note = 	 {Final Report for NASA grant NAS13-98033 Delivery Order \#161},
}

@TechReport{Santoro.01,
  author = 	 {R.J. Santoro and S. Pal},
  title = 	 {{Experimental and Analyitical Modeling of the Rocket Ejector Mode of a Combined Cycle Rocket-Based Engine}},
  institution =  {Propulsion Engineering Research Center},
  year = 	 {2001},
  address = 	 {Pennsylvania State University, University Park, PA, 16802},
  month = 	 {June},
  note = 	 {Final Report for NASA Contract Grant NAS8-40890},
}

@Article{Marcum.95,
  author = 	 {D.L. Marcum and N. P. Weatherill},
  title = 	 {{Unstructured Grid Generation Using Iterative Point Insertion and Local Reconnection}},
  journal = 	 {AIAA Journal},
  year = 	 {1995},
  volume = 	 {33},
  number = 	 {9},
  pages = 	 {1619--1625},
  month = 	 {September},
  publisher = {AIAA}
}

@InProceedings{Tong.2003,
  author = 	 {X. Tong and E. A. Luke and L. Tang},
  title = 	 {{Evaluations of the Shear-Stress Transport Turbulence Model
                  for Heat Transfer Applications}},
  booktitle = 	 {{Proceedings of the 42nd AIAA Aerospace Sciences Meeting and Exhibit}},
  note = 	 {AIAA 2003-0769},
  month = 	 {January},
  organization = {AIAA},
  year = 	 {2003},
}

@InProceedings{Liu.03,
  author = 	 {Q. Liu and E. A. Luke and P. Cinnella and L. Tang},
  title = 	 {{Coupling Heat Transfer and Fluid Flow Solvers for Multi-
                  Disciplinary Simulations}},
  journal = 	 {AIAA 2004-},
  year = 	 {2004},
  note =         {submitted},
}
@Article{Wu.02,
  author = 	 {J. Wu and L. Tang and X-L. Tong and E. Luke and P. Cinnella},
  title = 	 {{A Comprehensive Numerical Study of Jet Flow Impingement over Flat Plates at Varied Angles}},
  journal = 	 {Journal of Spacecraft and Rockets},
  year = 	 {2002},
  volume = 23,
  number = 1,
  month = {May-June},
  pages = {357--366}
}
@InProceedings{Luke.01,
  author = 	 {E. A. Luke and X.L. Tong and J. Wu and L. Tang and P. Cinnella},
  title = 	 {{A Step Towards `Shape-Shifting' Algorithms: Reacting Flow Simulations Using Generalized Grids}},
  booktitle = 	 {{Proceedings of the 39th AIAA Aerospace Sciences Meeting and Exhibit}},
  year = 	 {2001},
  month = 	 {January},
  organization = {AIAA},
  note = 	 {AIAA-2001-0897},
}

@inProceedings{Tong00,
  author =       {X.-L. Tong and E. A. Luke and and P. Cinnella},
  title =        {{Numerical simulations of chemically reactive turbulent flows
                  using the Loci system}},
  note = {Paper No. FM-19},
  booktitle = {{Proceedings of the SECTAM-XX}},
  editor = {H. V. Tippur and P. K. Raju},
  volume = 20,
  month = {April},
  year = {2000}
}

@InProceedings{Wu00,
  author =       {J. Wu and L. Tang and E. A. Luke and X.-L. Tong and P. Cinnella},
  title =        {{Numerical Simulation of Under-Expanded Jet Impingement}},
  booktitle = {{Proceedings of the SECTAM-XX}},
  note = {Paper No. FM-20},
  editor = {H. V. Tippur and P. K. Raju},
  volume = 20,
  month = {April}, 
  year = {2000}
} 


@Article{Evans.79,
  author = 	 {J. S. Evans and C. J. Schexnayder, Jr.},
  title = 	 {{Influence of Chemical Kinetics and Unmixidness on Burning in Supersonic Hydrogen Flames}},
  journal = 	 {AIAA Journal},
  year = 	 {1979},
  volume = 	 {18},
  number = 	 {2},
  pages = 	 {188-193},
}
@Article{Baughn.89,
  author = 	 {J. W. Baughn and M. A. Hoffman and B. E. Launder and
                  D. Lee and C. Yap},
  title = 	 {{Heat Transfer, Temperature, and Velocity Measurements Downstream
                  of an Abrupt Expansion in a Circular Tube at a Uniform Wall
                  Temperature}},
  journal = 	 {ASME Journal of Heat Transfer},
  year = 	 {1989},
  volume = 	 {111},
  pages = 	 {870--876},
  month = 	 {November},
}

@Article{Dittus.30,
  author = 	 {F. W. Dittus and L. M. Boelter},
  title = 	 {{Publications on Engineering}},
  journal = 	 {University of California, Berkeley},
  year = 	 {1930},
  volume = 	 {2},
  pages = 	 {443--453},
}

@Article{Vogel.85,
  author = 	 {J. C. Vogel and J. K. Eaton},
  title = 	 {{Cmobined Heat Transfer and Fluid Dynamics Measurements 
                  downstream of a Backward-Facing Step}},
  journal = 	 {ASME Journal of Heat Transfer},
  year = 	 {1985},
  volume = 	 {107},
  pages = 	 {922--929},
  month = 	 {November},
}
@Article{Goldberg.2001,
  author =       {U. Goldberg and P. Batten},
  title =        {{Heat Transfer Predictions Using a Dual-Dissipation 
                  $K$-$\epsilon$ Turbulence Closure}},
  journal =      {Journal of Thermophysics and Heat Transfer},
  year =         {2001},
  volume =       {15},
  number =       {2},
  pages =        {197--204},
  month =        {April-June},
}

@Article{Hansen.65,
  author = 	 {A. G. Hansen},
  title = 	 {{Generalized Control Volume Analyses with Application to the Basic Laws of Mechanics and Thermodynamics}},
  journal = 	 {Bulletin of Mechanical Engineering Education},
  year = 	 {1965},
  volume = 	 {4},
  pages = 	 {161-168},
  publisher =    {Pergamon Press}
}
@Article{Thomas.78,
  author = 	 {P. D. Thomas and C. K. Lombard},
  title = 	 {{Geometric Conservation Law and Its Application to Flow Computations on Moving Grids}},
  journal = 	 {AIAA Journal},
  year = 	 {1978},
  volume = 	 {17},
  number = 	 {10},
  pages  =       {1030--1037}
}


@Article{Koomullil.99,
  author = 	 {R. Koomullil and B. Soni},
  title = 	 {{Flow Simulation Using Generalized Static and Dynamic Grids}},
  journal = 	 {AIAA Journal},
  year = 	 1999,
  volume = 	 37,
  number = 	 12,
  month = 	 {December},
  pages = 	 {1551--1557},
}

@techreport{Kee,
author = {Kee, R.J. and Rupley, F.M. and Miller, J.A.},
year = 1989,
title = {{Chemkin II: A fortran chemical kinetic package for modeling well-stirred
reactors}},
institution = {Sandia National Laboratories},
number = {SAND 89-8009B},
}

@Article{Haselbacher.99,
  author = 	 {A. Haselbacher and J. McGuirk and G. Page},
  title = 	 {{Finite Volume Discretization Aspects for Viscous Flows on Mixed Unstructured Grids}},
  journal = 	 {AIAA Journal},
  year = 	 {1999},
  OPTkey = 	 {},
  volume = 	 {37},
  number = 	 {2},
  month = 	 {February},
  pages = 	 {177-184},
}

@InProceedings{Luke.99b,
  author = 	 {E. Luke},
  title = 	 {{Loci: A Deductive Framework for Graph-Based Algorithms}},
  booktitle = 	 {{Third International Symposium on Computing in Object-Oriented Parallel Environments}},
  editor = 	 {S. Matsuoka and R. Oldehoeft and M. Tholburn},
  number = 	 1732,
  series = 	 {Lecture Notes in Computer Science},
  year = 	 1999,
  publisher = {Springer-Verlag},
  month = 	 {December},
  pages = 	 {142-153},
}

@InCollection{PC.96,
  author = 	 {Cinnella, P. and Grossman, B.},
  title = 	 {{Computational Methods for Chemically Reacting Flows}},
  booktitle = 	 {{Handbook of Fluid Dynamics and Fluid Machinery}},
  publisher = {Wiley and Sons, New York},
  year = 	 {1996},
  pages = 	 {1541-1590}
}

@PhdThesis{luke.99,
  author = 	 {Luke, E. A.},
  title = 	 {{A Rule-Based Specification System for Computational Fluid 
                  Dynamics}},
  school = 	 {Mississippi State University},
  year = 	 {1999}
}

@Article{Zhang.2009,
  author = 	 {Y. Zhang and E. Luke},
  title = 	 {{Concurrent Composition Using Loci}},
  journal = 	 {Computing in Science and Engineering},
  year = 	 {2009},
  volume = 	 {11},
  number = 	 {3},
  pages = 	 {27-35},
  month = 	 {May},
}

@Article{Luke.2005,
  author = 	 {E. Luke and T. George},
  title = 	 {{Loci: A Rule-Based Framework for Parallel Multidisciplinary Simulation Synthesis}},
  journal = 	 {Journal of Functional Programming},
  year = 	 {2005},
  volume = 	 {14},
  number = 	 {03},
  pages = 	 {477-502},
}

@Book{vincent.65,
  author = 	 {Vincent, W. G. and Kruger, C. H.},
  title = 	 {{Introduction to Physical Gas Dynamics}},
  publisher = 	 {Krieger Publishing Company},
  year = 	 {1965},
  OPTnote = 	 {Reprinted 1986}
}


@TechReport{Gupta,
  author = 	 {Gupta, R. N. and Yos, J. M. and Thompson, R. A. 
                  and Lee, K. P.},
  title = 	 {{A Review of Reaction Rates and Thermodynamic and 
                  Transport Properties for an 11-Species Air Model for 
                  Chemical and Thermal Nonequilibrium Calculation to 30,000K}},
  institution =  {NASA Reference Publication 1232},
  year = 	 {1990},
}




@Article{Beam.78,
  author = 	 {R.M. Beam and R.F. Warming},
  title = 	 {{An Implicit Factored Scheme for the Compressible Navier-Stokes Equations}},
  journal = 	 {AIAA Journal},
  year = 	 {1978},
  volume = 	 {16},
  number = 	 {4},
  month = 	 {April},
  pages = 	 {393--404},
}

@TechReport{Ven93,
  author =       {V. Venkatakrishnan},
  title =        {{On the accuracy of limiters and convergence to steady state solutions}},
  institution =  {AIAA},
  year =         {1993},
  note =         {AIAA 93-0880},
}

@Article{Haney.99,
  author = 	 {S. Haney and J. Crotinger and S. Karmesin and S. Smith},
  title = 	 {{{P}}{E}{T}{E}, the Portable Expression Template Engine},
  journal = 	 {Dr. Dobbs Journal},
  year = 	 {1999},
  month = 	 {October},
}

@InProceedings{Kingsley.98,
  author = 	 {G. Kingsley and J. M. Siegel, Jr.  and V. J. Harrand and C Lawrence and J. J. Luker},
  title = 	 {{Development of a multi-disciplinary computing environment (MIDICE)}},
  booktitle = 	 {{7th AIAA/USAF/NASA/ISSMO Symposium on Multidisciplinary Analysis and Optimization}},
  pages = 	 {251--260},
  year = 	 1998,
  number = 	 {AIAA-98-4738},
  address = 	 {St. Louis, MO},
  month = 	 {September},
}

@InProceedings{BL.78,
  author = 	 {B.S. Baldwin and H. Lomax},
  title = 	 {{Thin Layer Approximation and Algebraic Model for Separated Turbulent Flows}},
  booktitle = 	 {{Proceedings of the AIAA 16th Aerospace Sciences Meeting}},
  year = 	 {1978},
  organization = {AIAA},
  month = 	 {January},
  note = 	 {AIAA-78-257},
}

@inproceedings{Veldhuizen:1998:ISCOPE,
  author = "Todd L. Veldhuizen",
  title = "Arrays in Blitz++",
  booktitle = "Proceedings of the 2nd International Scientific Computing
    in Object-Oriented Parallel Environments (ISCOPE'98)",
  publisher = "Springer-Verlag",
  year = "1998",
  conflocation = "Santa Fe, New Mexico",
  conftitle = "International Scientific Computing in Object-Oriented
    Parallel Environments",
  series = "Lecture Notes in Computer Science"
}

@TechReport{Lytle.00,
  author = 	 {J. K. Lytle and G. J Follen and C. G. Naiman and A. L Evans and J.P. Veres and P. Lopes},
  title = 	 {{1999 Numerical Propulsion System Simulation Industry Review}},
  institution =  {NASA},
  year = 	 {2000},
  number = 	 {TR 209795},
  month = 	 {September},
}

@InProceedings{Budge.98,
  author = 	 {K. G. Budge and J. S. Peery},
  title = 	 {{Experiences Developing ALEGRA: A C++ Coupled Physics Framework}},
  booktitle = 	 {{SIAM Workshop on Object Oriented Methods for Interoperable Science and Engineering Computing}},
  year = 	 {1998},
  address = 	 {IBM TJ Watson Research Center, New York},
  month = 	 {October},
}


@InProceedings{Cross.95,
  author = 	 {M. Cross and P. Chow and C. Bailey and N. Croft and J. Ewer and P. Leggett and K. McManus and K. A. Pericleous and M. K. Patel},
  title = 	 {{PHYSICA - A Software Environment for the Modelling of Multi-Physics Phenomena}},
  booktitle = 	 {{Proceedings of ICIAM}},
  year = 	 {1995},
  month = 	 {July},
}

@TechReport{Barth.89,
  author = 	 {T. J. Barth and D. C. Jespersen},
  title = 	 {{The Design and Application of Upwind Schemes on Unstructured Meshes}},
  institution =  {AIAA},
  year = 	 {1989},
  note = 	 {AIAA 89-0366},
}

@TechReport{Barth.90,
  author = 	 {B.S. Baldwin and T.J. Barth},
  title = 	 {{A One-Equation turbulence transport model for high reynolds number wall-bounded flows}},
  institution =  {NASA},
  year = 	 {1990},
  number = 	 {NASA Technical Memorandum 102847},
  month = 	 {August},
}

@Article{SA.92,
  author = 	 {Spalart, P. R.  and Allmaras, S. R.},
  title = 	 {{A One-equation Turbulence Model for Aerodynamic Flows}},
  journal =  {AIAA-92-0439},
  year = 	 {1992}
}

@Article{,
  author =       {},
  title =        {{}}, 
  journal =      {},
  year =         {},
  volume =       {},
  pages =        {}
}

@Article{Einfeldt.88,
  author =       {Einfeldt, B.},
  title =        {{On Godunov-type method for gas dynamics}}, 
  journal =      {SIAM Journal on Numerical Analysis},
  year =         {1988},
  volume =       {25},
  pages =        {294-318}
}


@Article{Frink.94,
  author = 	 {Frink, N. T.},
  title = 	 {{Recent progress Toward a Three-Dimentional Unstructured
                  Navier-Stokes Flow Solver}},
  journal =  {AIAA-94-0061},
  year = 	 {1994}
}

@TechReport{,
  author = 	 {},
  title = 	 {{}},
  institution =  {},
  year = 	 {}
}

@Article{Mitchell.94,
  author = 	 {Mitchell, C. R.},
  title = 	 {{Improved Reconstruction Schemes for the Navier-Stokes Equations on Unconstructed Meshes}},
  journal =  {AIAA-93-0642},
  year = 	 {1994}
}

@Article{Mitchell.93,
  author = 	 {Mitchell, C. R. and Walters, R. W.},
  title = 	 {{K-Exact Reconstruction for the Navier-Stokes Equations on Arbitrary Grid}},
  journal =  {AIAA-93-0536},
  year = 	 {1994}
}

@Article{Myong.88,
  author =       {Myong, H. K. and Kasagi, N.},
  title =        {{A New Proposal for a {$k$}-{$\epsilon$} Turbulence Model 
                  and its Evaluation}}, 
  journal =      {JSME Transaction},
  year =         {1988},
  volume =       {54},
  pages =        {3003-3009 and 3512-3520}
}

@TechReport{Quirk.92,
  author = 	 {Quirk, J.},
  title = 	 {{A contribution to the great Riemann debate}},
  institution =  {ICASE Report},
  volume =       {92-64},
  year = 	 1992
}

@TechReport{Driest.52,
  author = 	 {Van Driest, E. R.},
  title = 	 {{Investigation of Laminar Boundary Layer in Compressible
                  Fluids Using the Crocco Method}},
  institution =  {NACA Technical Report Note},
  volume =       {2597},
  year = 	 {1952}
}

@TechReport{cmott.97,
  author =       {Zhu, J. and Shih, T. H.},
  title =        {{CMOTT Turbulence Module for NPARC}},
  institution =  {NASA CR204143},
  volume =       {ICOMP-97-10, CMOTT-97-05},
  year =         1997
}


@Article{Walters.92,
  author =       {Walters, R. W. and Cinnella, P. and Slack, D. C. and
                  Halt, D.},
  title =        {{Characteristic-Based Algorithms for Flows in 
                  Thermodynamic Nonequilibrium}}, 
  journal =      {AIAA Journal},
  year =         {1992},
  volume =       {30},
  pages =        {1304-1313}
}

@Article{Merci.00,
  author =       {Merci, B. and Steelant, J. and Vierendeels, J. and 
                  Riemslagh, K. and Dick, E.},
  title =        {{Computational Treatment of Source Terms in Two-Equation 
                  Turbulence Model}},
  journal =      {AIAA Journal},
  year =         {2000},
  volume =       {38},
  pages =        {2085-2093}
}

@Book{WilcoxBook,
  author = {D. C. Wilcox},
  title = {{Turbulence Modeling for CFD}},
  publisher = {DCW Industries},
  year = 1998,
}

@Article{Sarkar.91,
  author =       {S. Sarkar and B. Lakshmanan},
  title =        {{Application of a Reynolds Stress Turbulence Model to the
                    Compressible Shear Layer}},
  journal =      {AIAA Journal},
  year =         {1991},
  volume =       {29},
  number =       {5},
  pages =        {743--749},
  month =        {May},
}

@Article{Samimy.90,
  author =       {M. Samimy and G. S. Elliott},
  title =        {{Effects of Compressibility on the Charactersitics of
Free Shear Layers}},
  journal =      {AIAA Journal},
  year =         {1990},
  volume =       {28},
  number =       {3},
  pages =        {439-445},
  month =        {March},
}

@Article{Wilcox.88,
  author =       {D. C. Wilcox},
  title =        {{Reassessment of the Scale-Determining Equation for Advanced
Turbulence Models}},
  journal =      {AIAA Journal},
  year =         {1988},
  volume =       {26},
  number =       {11},
  pages =        {1299--1310},
}

@TechReport{Wilcox.91,
  author =       {D. C. Wilcox},
  title =        {{A Half Century Review of the $k-\omega$ Model}},
  institution =  {AIAA},
  year =         {1991},
  note =         {AIAA 91-1784},
}

@Article{Menter.92,
  author =       {F. R. Menter},
  title =        {{Influence of Freestream Values on $k-\omega$ Turbulence
Model Predictions}},
  journal =      {AIAA Journal},
  year =         {1992},
  volume =       {30},
  number =       {6},
  pages =        {1657--1659},
  month =        {June},
}

@Article{Menter.94,
  author =       {F. R. Menter},
  title =        {{Two-Equation Eddy-Viscosity Turbulence Models for
                     Engineering Applications}},
  journal =      {AIAA Journal},
  year =         {1994},
  volume =       {32},
  number =       {8},
  pages =        {1598--1605},
  month =        {August},
}

@Article{Jon-King.85,
  author =       {D. A. Johnson and L. S. King},
  title =        {{Mathematically Simple Turbulence Closure Model for Attached
and Separated Turbulent Boundary Layers}},
  journal =      {AIAA Journal},
  year =         {1985},
  volume =       {23},
  number =       {11},
  pages =        {1684--1692},
  month =        {Novermber},
}

@Article{Chien.82,
  author =       {Chien, K. Y.},
  title =        {{Predictions of channel and boundary-layer flows with 
    a low Reynolds number turbulence model}},
  journal =      {AIAA Journal},
  year =         {1982},
  volume =       {20},
  pages =        {33--38},
}


@Article{Back.64,
  author = 	 {L. H. Back and P. F. Massier and H. L. Gier},
  title = 	 {{Convective Heat Transfer in a Converging-Diverging Nozzle}},
  journal = 	 {International Journal of Heat Mass Transfer},
  year = 	 {1964},
  volume = 	 {7},
  pages = 	 {549-568},
}

@Book{Incropera.90,
  author = 	 {F. P. Incropera and D. P. Dewitt},
  title = 	 {{Introduction to Heat Transfer}},
  publisher = 	 {John Wiley and Sons},
  year = 	 1990,
}

@Article{Bartz.65,
  author = 	 {L. H. Bartz},
  title = 	 {{Turbulent Boundary Layer Heat Transfer from Rapidly Accelerating Row of Rocket Combustion Gases and of Heated Air}},
  journal = 	 {Advances in Heat Transfer},
  year = 	 {1965},
  pages = 	 {2--108},
}

@Article{Ridders.79,
  author = 	 {C. J. F. Ridders},
  title = 	 {{A New Algorithm for Computing a Single Root of a Real Continuous Function}},
  journal = 	 {IEEE Transactions on Circuits and Systems},
  year = 	 {1979},
  volume = 	 {26},
  pages = 	 {979--980},
}



@Misc{NIST,
  title = 	 {{NIST Chemistry WebBook}},
  howpublished = {{\tt http://webbook.nist.gov}},
  month = 	 {March},
  year = 	 2003,
  note = 	 {Database Number 69},
}

@Misc{JANAF,
  title = 	 {{NIST-JANAF Thermochemical Tables, $4^{th}$ edition}},
  howpublished = {Malcolm W. Chase, Jr.  Washington, DC: American Chemical Society ; New York: American Institute of Physics for the National Institute of Standards and Technology},
  year = 	 {1998},

}


@InProceedings{Chalasani.2002,
  author = 	 {S. Chalasani and D. Thompson and B. Soni},
  title = 	 {{Topological Adaptivity for Mash Quality Improvement}},
  booktitle = {{Proceedings of the 8th International Conference on Numerical Grid Generation in Computational Field Simulations}},
  pages = 	 {Available on CD},
  year = 	 {2002},
  address = 	 {Honolulu, HI},
  month = 	 {June},
}

@Article{Chalasani.2003,
  author = 	 {S. Chalasani and D. Thompson},
  title = 	 {{Quality Improvments in Extruded Meshes using Topologically Adaptive Generalized Elements}},
  journal = 	 {International Journal of Numerical Methods Engineering},
  year = 	 {(submitted)},
}

@TechReport{Schmitt.79,
  author = 	 {V. Schmitt and F. Charpin},
  title = 	 {{Pressure Distributions on the ONERA-M6-Wing at Transonic Mach Numbers}},
  number = 	 {AGARD {\it Report} No. AR 138},
  pages =        {B1/1--B1/44},
  month = 	 {May},
  year = 	 1979,
}

@InProceedings{Strang.99,
  author = 	 {W. Strang and R. Tomaro and M. Grismer},
  title = 	 {{The Defining Methods of Cobalt60: A Parallel, Implicit, Unstructured Euler/Navier-Stokes Flow Solver}},
  year = 	 {1999},
  organization = {AIAA},
  note = 	 {Paper Number 99-0786},

}

@InProceedings{Mani.97,
  author = 	 {M. Mani and J.A. Ladd and A.B. Cain and R. H Bush},
  title = 	 {{An Assessment of One- and Two-Equation Turbulence Models for Internal and External Flows}},
  year = 	 {1997},
  organization = {AIAA},
  note = 	 {Paper Number 97-2010},
}

@TechReport{Nichols.2003,
  author =       {R.H. Nichols and C.C. Nelson},
  title =        {{Application of Hybrid RANS/LES Turbulence Models}},
  institution =  {AIAA},
  year =         {2003},
  note =         {AIAA 2003-0083},
}
@TechReport{pre-pro,
  author = 	 {David Thompson and Edward Luke and Xiao-Ling Tong},
  title = 	 {{Improved Ice Accretion Prediction Using CFD-Based Approach}},
  institution =  {Mississippi State University},
  year = 	 {2003},
}


@Manual{lewice,
  title = 	 {{Users Manual for the NASA Lewis Ice Accretion Code LEWICE 
                  2.0}},
  author = 	 {W. B. Wright},
  organization = {NASA},
  note = 	 {NASA CR-1999-209409},
  year =         {1999},
  month =        {September}
}

@Manual{lewice90,
  title = 	 {{Users Manual for the NASA Lewis Ice Accretion Code LEWICE 
                  }},
  author = 	 {G. A. Ruff and B. M. Berkowitz},
  organization = {NASA},
  note = 	 {NASA CR185129},
  year =         {1990}
}

@Article{Crowe_rev,
  author =       {C. T. Crowe},
  title =        {{REVIEW- Numerical Models for dilute Gas-Particlee Flows}}, 
  journal =      {Journal of Fluids Engineering},
  year =         {1982},
  volume =       {104},
  pages =        {297-303}
}


@Article{bourgault.99,
  author = 	 {Y. Bourgault, W. Habashi, J. Dompierre and G. Baruzzi},
  title = 	 {{A Finite Element Method Study of Eulerian Droplets 
                  Impingement Models}},
  journal = 	 {International Journal for Numerical Methods in Fluids},
  year = 	 {1999},
  volume = 	 {29},
  pages = 	 {429-449},
}

@Article{bourgault.00,
  author = 	 {Y. Bourgault, Z. Boutanios and W. Habashi},
  title = 	 {{Three-Dimensional Eulerian Approach to Droplet 
                  Impingement Simulation
                  Using FENSAP-ICE, Part 1: Model, Algorithm, and Validation}},
  journal = 	 {Journal of Aircraft},
  year = 	 {2000},
  volume = 	 {37},
  pages = 	 {95-103},
}

@Article{Daniel00,
  author = 	 {Eric Daniel},
  title = 	 {{Eulerian Approach for Unsteady Two-Phase Solid Rocket Flows 
                  with Aluminum Particles}},
  journal = 	 {Journal of Propulsion and Power},
  year = 	 {2000},
  volume = 	 {16},
  pages = 	 {309-317},
}

@InProceedings{wirogo.03,
  author = 	 {S. Wirogo and S. Srirambhatla},
  title = 	 {{An Eulerian Method to Calculate the Collection Efficiency 
                  on Two and Three Dimensional Bodies}},
  booktitle = 	 {{41st Aerospace Science Meeting and Exhibit}},
  pages = {\#AIAA 2003-1073} ,
  year   = 2003 ,
  month  = {January}
}

@InProceedings{Potapczuk06,
  author =       {Mark G. Potapczuk and Dean Miller},
  title =        {{Numerical Simulation of Ice Shape from a Bimodal Large
                  Droplet Icing Cloud}},
  booktitle =    {{44st Aerospace Science Meeting and Exhibit}},
  pages = {\#AIAA 2006-462} ,
  year   = 2006 ,
  month  = {January}
}

@InProceedings{Tong05,
  author =       {X. L. Tong and E. A. Luke},
  title =        {{Eulerian Simulations of Icing Collection Efficiency Using 
                  A Singularity Diffusion Model}},
  booktitle =    {{43st Aerospace Science Meeting and Exhibit}},
  pages = {\#AIAA 2005-0687} ,
  year   = 2005 ,
  month  = {January}
}

@TechReport{Sachdev05,
  author =       {J. S. Sachdev, C. P. T. Groth and J . J. Gottlieb},
  title =        {{Numerical Solution of a Dilute and Disperse Gas-Particle 
                  Flow}},
  Institution =    {13th Annual Conference of the CFD Society of Canada},
  year   = 2005 ,
  note  = {July 31 - August 2}
}


@InProceedings{hosangadi.92,
  author =       {A. Hosangadi, N. Sinha and S. M. Dash},
  title =        {{Time-Accurate Analysis of Nonequilibrium Gas-Particle Mixtures Using Upwind/Implicit Finite-Volume Methodology}},
  booktitle =    {{30th Aerospace Science Meeting and Exhibit}},
  pages = {\#AIAA 1992-0344} ,
  year   = 1992 ,
  month  = {January}
}

@Book{Crowe_book,
  author =      {C. T. Crowe},
  title =       {{Multiphase Flows with Droplets and Particles}},
  publisher =   {CRC Press},
  year =        {1998}
}

@Book{Reif65,
  author =      {F. Reif},
  title =       {{Fundamentals of Statistics and Thermal Physics}},
  publisher =   {McGraw-Hill},
  year =        {1965}
}

@Article{Giacinto82,
   author =      {M. Di Giacinto and F. Sabetta and R. Piva},
   title =       {{Two-Way Coupled Effects in Dilute Gas-Particle Flows}},
   journal =     {Journal of Fluids Engineering},
   year  = {1982},   
   volume =  {104},
   pages = {304-312}
}

@Article{Shane99,
   author =      {S. A. Slater and J. B. Young},
   title =       {{The Calculation of Inertial Particle Transport in Dilute Gas-Particle Flows}},
   journal =     {International Journal of Multiphase Flow},
   year  = {2001},
   volume =  {27},
   pages = {61-87}
}

@Article{Saurel94,
   author =      {R. Saurel, E. Daniel and J. C. Loraud},
   title =       {{Two-Phase FLows: Second-Order Schemes and Boundary 
	          Conditions}},
   journal =     {AIAA Journal},
   year  = {1994},
   volume =  {32},
   number = {10},
   pages = {1214-1221}
}
                                                                                

@Article{Yves2000,
   author =      {Y. Bourgault and Z. Boutanios and W. G. Habashi},
   title =       {{Three-Dimensional Eulerian Approach to Droplet Impingement 
                  Simulation Using FENSAP-ICE, Part1: Model, Algorithm, and
                  Validation}},
   journal = {Journal of Aircraft},
   year  = {2000},   
   volume =  {37},
   pages = {95-103}
}

@Article{Yves1999,
   author =      {Y. Bourgault and W. G. Habashi and J. Dompierre and G. S. Baruzzi},
   title =       {{A Finite Element Method Study of Eulerian Droplets 
                  Impingement Models}},
   journal = {International Journal for Numerical Methods in Fluids},
   year  = {1999},   
   volume =  {29},
   pages = {429-449}
}

@TechReport{rbcc_report,
  author = 	 {E. Luke and  Roy Koomullil and Bharat K. Soni},
  title = 	 {{Integrated Multidisciplinary Simulation Environment for 
                  Analysis And Testing of RBCC Systems}},
  institution =  {Simcenter, Mississippis State University and Department 
                  of Mechanical Engineering, University of Alabama at 
                  Birmingham},
  year = 	 {2003},
  month = 	 {June},
  note = 	 {NASA grant NAS13-98033}
}

@InCollection{Prosperetti98,
  author = 	 {A. Prosperetti},
  title = 	 {{Ensemble averaging techniques for disperse flows}},
  booktitle = 	 {{Particulate Flows: Processing and Rheology}},
  pages = 	 {99-136},
  publisher =    {Springer, New York},
  year = 	 {1998},
  editor = 	 {D. A. Drew, D. D. Joseph and S. L. Passman},
}


@Article{Clift70,
  author = 	 {R. Clift and W. H. Gauvin},
  title = 	 {{The motion of particles in turbulent gas streams}},
  journal = 	 {Proc. Chemeca'70},
  year = 	 1970,
  volume = 	 {14},
  number = 	 {1}
}

@Book{Crowe98,
  author =       {C. Crowe,M. Sommerfeld and Y. Tsuji},
  title =        {{Multiphase flows with droplets and particles}},
  publisher = 	 {CRC Press},
  year =         1998,
}

@Article{Patankar01a,
  author =       {N. A. Patankar and D. D. Joseph},
  title =        {{Modeling and numerical simulation of particulate flows 
                  by the Eulerian-Lagrangian approach}},
  journal =      {International Journal of Multiphase Flow},
  year =         2001,
  volume =       {27},
  pages =        {1659-1684} 
} 

@Article{Patankar01b,
  author =       {N. A. Patankar and D. D. Joseph},
  title =        {{Lagrangian numerical simulation of particulate flows}},
  journal =      {International Journal of Multiphase Flow},
  year =         2001,
  volume =       {27},
  pages =        {1685-1706}
}

@Article{Snider01,
  author =       {D. M. Snider},
  title =        {{An incompressible three-dimensional multiphase 
                  particle-in-cell model for dense particle flows}},
  journal =      {Journal of Computational Physics},
  year =         2001,
  volume =       {170},
  pages =        {523-549}
}

@Article{Modest01,
  author =       {G. Li and M. F. Modest},
  title =        {{An effective particle tracing scheme on structure/unstructured grids in hybrid finite volume/PDF Monte Carlo methods}},
  journal =      {Journal of Computational Physics},
  year =         2001,
  volume =       {173},
  pages =        {187-207}
}

@Article{Lohner90,
  author =       {R. Lohner and J. Ambrosiano},
  title =        {{A vectorized particle tracer for unstructured grids}},
  journal =      {Journal of Computational Physics},
  year =         1990,
  volume =       {91},
  pages =        {22-31}
}

@Article{Westermann92,
  author =       {T. Westermann},
  title =        {{Localization schemes in 2D boundary-fitted grids}},
  journal =      {Journal of Computational Physics},
  year =         1992,
  volume =       {101},
  pages =        {307-313}
}

@Article{Lohner95,
  author =       {R. Lohner},
  title =        {{Robust, vectorized search algorithms for interpolation on unstructured grids}},
  journal =      {Journal of Computational Physics},
  year =         1995,
  volume =       {118},
  pages =        {380-387}
}

@Article{Allievi97,
  author =       {A. Allievi and R. Bermejo},
  title =        {{A generalized particle search-locate algorithm for arbitrary grids}},
  journal =      {Journal of Computational Physics},
  year =         1997,
  volume =       {132},
  pages =        {157-166}
}

@Article{Apte03,
  author =       {S. V. Apte, K. Mahesh, P. Moin and J. C. Oefelein},
  title =        {{Large-eddy simulation of swirling particle-laden flows in a coaxial-jet combustor}},
  journal =      {International Journal of Multiphase Flow},
  year =         2003,
  volume =       {29},
  pages =        {1311-1331}
}

@Book{Pruppacher.97,
  author = { H.R. Pruppacher and J.D. Klett},
  title = {{Microphysics of clouds and precipitation}},
  year = {1997}
}

@InProceedings{Spalding.53,
  author =       {D.B. Spalding},
  title =        {{The combustion of liquid fuels}},
  booktitle =    {{Proceedings of the 4th Symposium (International) on Combustion}},
  note =         {847-864},
  year =         {1953},
}

@InProceedings{Widener.98,
  author =       {{J.F. Widener and S. Balachandar}},   
  title =        {{Aluminum combustion modeling in solid propellant combustion products}},
  booktitle =    {{Proceedings of the AIAA Propulsion Meeting and Exhibit}},
  note =         {AIAA 98-3824},
  month =        {July},
  organization = {AIAA},
  year =         {1998},
}

@Article{wilcox.08,
  author =       {D. C. Wilcox},
  title =        {{Formulation of the $k-\omega$ Turbulence Model Revisited}},
  journal =      {AIAA J.},
  year =         2008,
  volume =       {46},
  number =       {11},
  pages =        {2823-2838}
}

@Article{Pirozzoli.2010,
  author = 	 {S. Pirozzoli},
  title = 	 {{Generalized conservative approximations of split convective derivative operators}},
  journal = 	 {Journal of Computational Physics},
  year = 	 {2010},
  volume = 	 {229},
  number = 	 {19},
  pages = 	 {7180--7190},
}
@Article{Pirozzoli.2011,
  author = 	 {S. Pirozzoli},
  title = 	 {{Stabilized non-dissipative approximations of Euler equations in generalized curvilinear coordinates}},
  journal = 	 {Journal of Computational Physics},
  year = 	 {2011},
  volume = 	 {230},
  number = 	 {8},
  pages = 	 {2997-3014},
}

@Article{Subbareddy.2009,
  author = 	 {P.K. Subbareddy and G.V. Candler},
  title = 	 {{A fully discrete, kinetic energy consistent finite-volume scheme for compressible flows}},
  journal = 	 {Journal of Computational Physics},
  year = 	 {2009},
  volume = 	 {228},
  number = 	 {5},
  pages = 	 {1347-1364},
}

@Article{Thornber.2008,
  author = 	 {B. Thornber and D. Drikakis and R.J.R. Williams and D. Youngs},
  title = 	 {{An improved reconstruction method for compressible flows wiht low Mach number features}},
  journal = 	 {Journal of Computational Physics},
  year = 	 {2008},
  volume = 	 {227},
  pages = 	 {4853-4872},
}

@Article{Torro.1994,
  author = 	 {E.F. Toro and M. Spruce and M. Speares},
  title = 	 {{ Restoration of the contact surface in the HLL-Riemann solver}},
  journal = 	 {Shock Waves },
  year = 	 {1994},
  volume = 	 {4},
  pages = 	 {25-34},
}
@Article{Darwish.2003,
  author = 	 {M. S. Darwish and F. Moukalled},
  title = 	 {{TVD schemes for unstructured grids}},
  journal = 	 {International Journal of Heat and Mass Transfer},
  year = 	 {2003},
  volume = 	 {46},
  pages = 	 {599--611},
}
@Article{Ducros.2000,
  author = 	 { F. Ducros and F. Laporte and T. Souleres and V. Guinot and P. Moinat and B. Caruelle} ,
  title = 	 {{High-order fluxes for conservative skew-symmetric like schemes in structured meshes: Application to compressible flows}},
  journal = 	 {Journal of Computational Physics},
  year = 	 {2000},
  volume = 	 {161},
  pages = 	 {114-139},
}
@Article{Batten.2006,
  author = 	 {P. Batten and N. Clarke and C. Lambert and D.M. Causon},
  title = 	 {{On the Choice of Wavespeeds for the HLLC Riemann Solver}},
  journal = 	 {SIAM Journal on Scientific Computing},
  year = 	 {2006},
  volume = 	 {18},
  number = 	 {6},
  pages = 	 {1553-1570},
}

@article{Greengard.1987,
title = {{A fast algorithm for particle simulations}},
journal = {Journal of Computational Physics},
volume = {73},
number = {2},
pages = {325 - 348},
year = {1987},
issn = {0021-9991},
author = {L Greengard and V Rokhlin}
}


@article{Barnes.1986,
author = {Josh Barnes and Piet Hut},
title = {{A hierarchical O(N log N) force-calculation algorithm}},
journal = {Nature, Nature Publishing Group},
volume = {324},
pages = {446-449.},
year = {1986},
month ={December},
issn = {0028-0836}
}

@article{Walters.2013,
author = {D. K. Walters and S. Bhushan and M. F. Alam and D. S. Thompson },
title = {{Investigation of a Dynamic Hybrid RANS/LES Modelling Methodology for Finite-Volume CFD Simulations}},
journal = {Flow, Turbulence and Combustion},
volume = {91},
number = {3},
pages = {643–667},
year = {2013}
}

@article{Bhushan.2012,
author = {S. Bhushan and D. K. Walters },
title = {{A dynamic hybrid Reynolds-averaged Navier Stokes–Large eddy simulation modeling framework}},
journal = {Physics of Fluids},
volume = {24},
number = {1},
pages = {015103},
year = {2012}
}


@TechReport{USDT,
  title = 	 {{Advisory Circular}},
  institution =  {US Department of Transportatin of Federal Aviation Admministration },
  note = 	 {AC No: 25.341-1, 2014}
}
